@article{lion/KotthoffMS15,
  author    = {Lars Kotthoff and Ciaran McCreesh and Christine Solnon},
  title     = {Portfolios of Subgraph Isomorphism Algorithms},
  year      = {2016},
  note      = {To appear at LION}
}

@article{ijcai/McCreeshPT15,
  author    = {Ciaran McCreesh and Patrick Prosser and James Trimble},
  title     = {Heuristics and Really Hard Instances for Subgraph Isomorphism Problems},
  year      = {2016},
  note      = {To appear at IJCAI}
}

@article{ol/McCreeshP15,
  author    = {Ciaran McCreesh and
               Patrick Prosser},
  title     = {A parallel branch and bound algorithm for the maximum labelled clique
               problem},
  journal   = {Optimization Letters},
  volume    = {9},
  number    = {5},
  pages     = {949--960},
  year      = {2015},
  url       = {http://dx.doi.org/10.1007/s11590-014-0837-4},
  doi       = {10.1007/s11590-014-0837-4},
  timestamp = {Wed, 20 May 2015 01:00:00 +0200},
  biburl    = {http://dblp.uni-trier.de/rec/bib/journals/ol/McCreeshP15},
  bibsource = {dblp computer science bibliography, http://dblp.org}
}

@article{topc/McCreeshP15,
  author    = {Ciaran McCreesh and
               Patrick Prosser},
  title     = {The Shape of the Search Tree for the Maximum Clique Problem and the
               Implications for Parallel Branch and Bound},
  journal   = {{TOPC}},
  volume    = {2},
  number    = {1},
  pages     = {8},
  year      = {2015},
  url       = {http://doi.acm.org/10.1145/2742359},
  doi       = {10.1145/2742359},
  timestamp = {Tue, 11 Aug 2015 01:00:00 +0200},
  biburl    = {http://dblp.uni-trier.de/rec/bib/journals/topc/McCreeshP15},
  bibsource = {dblp computer science bibliography, http://dblp.org}
}

@inproceedings{cp/McCreeshP15,
  author    = {Ciaran McCreesh and
               Patrick Prosser},
  title     = {A Parallel, Backjumping Subgraph Isomorphism Algorithm Using Supplemental
               Graphs},
  booktitle = {Principles and Practice of Constraint Programming - 21st International
               Conference, {CP} 2015, Cork, Ireland, August 31 - September 4, 2015,
               Proceedings},
  pages     = {295--312},
  year      = {2015},
  url       = {http://dx.doi.org/10.1007/978-3-319-23219-5_21},
  doi       = {10.1007/978-3-319-23219-5_21},
  timestamp = {Thu, 13 Aug 2015 15:25:08 +0200},
  biburl    = {http://dblp.uni-trier.de/rec/bib/conf/cp/McCreeshP15},
  bibsource = {dblp computer science bibliography, http://dblp.org}
}

@inproceedings{cp/MacdonaldMMP15,
  author    = {Craig Macdonald and
               Ciaran McCreesh and
               Alice Miller and
               Patrick Prosser},
  title     = {Constructing Sailing Match Race Schedules: Round-Robin Pairing Lists},
  booktitle = {Principles and Practice of Constraint Programming - 21st International
               Conference, {CP} 2015, Cork, Ireland, August 31 - September 4, 2015,
               Proceedings},
  pages     = {671--686},
  year      = {2015},
  url       = {http://dx.doi.org/10.1007/978-3-319-23219-5_46},
  doi       = {10.1007/978-3-319-23219-5_46},
  timestamp = {Thu, 13 Aug 2015 15:25:08 +0200},
  biburl    = {http://dblp.uni-trier.de/rec/bib/conf/cp/MacdonaldMMP15},
  bibsource = {dblp computer science bibliography, http://dblp.org}
}

@inproceedings{cp/McCreeshP14,
  author    = {Ciaran McCreesh and
               Patrick Prosser},
  title     = {Reducing the Branching in a Branch and Bound Algorithm for the Maximum
               Clique Problem},
  booktitle = {Principles and Practice of Constraint Programming - 20th International
               Conference, {CP} 2014, Lyon, France, September 8-12, 2014. Proceedings},
  pages     = {549--563},
  year      = {2014},
  url       = {http://dx.doi.org/10.1007/978-3-319-10428-7_40},
  doi       = {10.1007/978-3-319-10428-7_40},
  timestamp = {Wed, 10 Sep 2014 14:25:52 +0200},
  biburl    = {http://dblp.uni-trier.de/rec/bib/conf/cp/McCreeshP14},
  bibsource = {dblp computer science bibliography, http://dblp.org}
}

@inproceedings{cpaior/McCreeshP14,
  author    = {Ciaran McCreesh and
               Patrick Prosser},
  title     = {An Exact Branch and Bound Algorithm with Symmetry Breaking for the
               Maximum Balanced Induced Biclique Problem},
  booktitle = {Integration of {AI} and {OR} Techniques in Constraint Programming
               - 11th International Conference, {CPAIOR} 2014, Cork, Ireland, May
               19-23, 2014. Proceedings},
  pages     = {226--234},
  year      = {2014},
  url       = {http://dx.doi.org/10.1007/978-3-319-07046-9_16},
  doi       = {10.1007/978-3-319-07046-9_16},
  timestamp = {Mon, 12 May 2014 13:44:23 +0200},
  biburl    = {http://dblp.uni-trier.de/rec/bib/conf/cpaior/McCreeshP14},
  bibsource = {dblp computer science bibliography, http://dblp.org}
}

@article{algorithms/McCreeshP13,
  author    = {Ciaran McCreesh and
               Patrick Prosser},
  title     = {Multi-Threading a State-of-the-Art Maximum Clique Algorithm},
  journal   = {Algorithms},
  volume    = {6},
  number    = {4},
  pages     = {618--635},
  year      = {2013},
  url       = {http://dx.doi.org/10.3390/a6040618},
  doi       = {10.3390/a6040618},
  timestamp = {Tue, 22 Oct 2013 01:00:00 +0200},
  biburl    = {http://dblp.uni-trier.de/rec/bib/journals/algorithms/McCreeshP13},
  bibsource = {dblp computer science bibliography, http://dblp.org}
}

@incollection{Tomita:2010,
    year={2010},
    isbn={978-3-642-11439-7},
    booktitle={WALCOM: Algorithms and Computation},
    volume={5942},
    series={Lecture Notes in Computer Science},
    editor={Rahman, Md.Saidur and Fujita, Satoshi},
    doi={10.1007/978-3-642-11440-3_18},
    title={A Simple and Faster Branch-and-Bound Algorithm for Finding a Maximum Clique},
    url={http://dx.doi.org/10.1007/978-3-642-11440-3_18},
    publisher={Springer Berlin Heidelberg},
    address={Berlin, Heidelberg},
    author={Tomita, Etsuji and Sutani, Yoichi and Higashi, Takanori and Takahashi, Shinya and Wakatsuki, Mitsuo},
    pages={191-203}
}

@PhdThesis{Trienekens:1990,
    title={Parallel Branch and Bound Algorithms},
    author={Harry W.J.M. Trienekens},
    school={Erasmus University Rotterdam},
    year={1990}
}

@incollection{Chu:2009,
    year={2009},
    isbn={978-3-642-04243-0},
    booktitle={Principles and Practice of Constraint Programming - CP 2009},
    volume={5732},
    series={Lecture Notes in Computer Science},
    editor={Gent, Ian P.},
    doi={10.1007/978-3-642-04244-7_20},
    title={Confidence-Based Work Stealing in Parallel Constraint Programming},
    url={http://dx.doi.org/10.1007/978-3-642-04244-7_20},
    publisher={Springer Berlin Heidelberg},
    author={Chu, Geoffrey and Schulte, Christian and Stuckey, Peter J.},
    pages={226-241},
}


@article{Zhou,
    title = "An exact algorithm with learning for the graph coloring problem ",
    journal = "Computers \& Operations Research ",
    volume = "51",
    number = "",
    pages = "282 - 301",
    year = "2014",
    note = "",
    issn = "0305-0548",
    doi = "http://dx.doi.org/10.1016/j.cor.2014.05.017",
    url = "http://www.sciencedirect.com/science/article/pii/S0305054814001464",
    author = "Zhaoyang Zhou and Chu-Min Li and Chong Huang and Ruchu Xu",
    keywords = "Backtracking",
    keywords = "Clause learning",
    keywords = "Graph Coloring",
    keywords = "SAT "
}

@article{Bergman:2014,
    author    = {David Bergman and
        Andr{\'{e}} A. Cir{\'{e}} and
            Willem Jan van Hoeve and
            John N. Hooker},
    title     = {Optimization Bounds from Binary Decision Diagrams},
    journal   = {{INFORMS} Journal on Computing},
    volume    = {26},
    number    = {2},
    pages     = {253--268},
    year      = {2014},
    url       = {http://dx.doi.org/10.1287/ijoc.2013.0561},
    doi       = {10.1287/ijoc.2013.0561},
    timestamp = {Tue, 12 Aug 2014 10:49:22 +0200},
    biburl    = {http://dblp.uni-trier.de/rec/bib/journals/informs/BergmanCHH14},
    bibsource = {dblp computer science bibliography, http://dblp.org}
}

@inproceedings{BergmanCSSSH14,
    author    = {David Bergman and
        Andr{\'{e}} A. Cir{\'{e}} and
            Ashish Sabharwal and
            Horst Samulowitz and
            Vijay A. Saraswat and
            Willem Jan van Hoeve},
    title     = {Parallel Combinatorial Optimization with Decision Diagrams},
    booktitle = {Integration of {AI} and {OR} Techniques in Constraint Programming
        - 11th International Conference, {CPAIOR} 2014, Cork, Ireland, May
            19-23, 2014. Proceedings},
    pages     = {351--367},
    year      = {2014},
    url       = {http://dx.doi.org/10.1007/978-3-319-07046-9_25},
    doi       = {10.1007/978-3-319-07046-9_25},
    timestamp = {Tue, 13 May 2014 07:49:19 +0200},
    biburl    = {http://dblp.uni-trier.de/rec/bib/conf/cpaior/BergmanCSSSH14},
    bibsource = {dblp computer science bibliography, http://dblp.org}
}

@inproceedings{NdiayeS11,
    author    = {Samba Ndojh Ndiaye and
        Christine Solnon},
    title     = {{CP} Models for Maximum Common Subgraph Problems},
    booktitle = {Principles and Practice of Constraint Programming - {CP} 2011 - 17th
        International Conference, {CP} 2011, Perugia, Italy, September 12-16,
        2011. Proceedings},
    pages     = {637--644},
    year      = {2011},
    url       = {http://dx.doi.org/10.1007/978-3-642-23786-7_48},
    doi       = {10.1007/978-3-642-23786-7_48},
    timestamp = {Fri, 02 Sep 2011 15:33:27 +0200},
    biburl    = {http://dblp.uni-trier.de/rec/bib/conf/cp/NdiayeS11},
    bibsource = {dblp computer science bibliography, http://dblp.org}
}

@inproceedings{Gent:1996:Kappa,
  author    = {Ian P. Gent and
               Ewan MacIntyre and
               Patrick Prosser and
               Toby Walsh},
  title     = {The Constrainedness of Search},
  booktitle = {Proceedings of the Thirteenth National Conference on Artificial Intelligence
               and Eighth Innovative Applications of Artificial Intelligence Conference,
               {AAAI} 96, {IAAI} 96, Portland, Oregon, August 4-8, 1996, Volume 1.},
  pages     = {246--252},
  year      = {1996},
  url       = {http://www.aaai.org/Library/AAAI/1996/aaai96-037.php},
  timestamp = {Tue, 19 Nov 2013 18:10:38 +0100},
  biburl    = {http://dblp.uni-trier.de/rec/bib/conf/aaai/GentMPW96},
  bibsource = {dblp computer science bibliography, http://dblp.org}
}

